
@online{Amato_fabio, 
    author = {Fábio Amato},
    title = {Bolsonaro nomeia Kassio Nunes Marques para vaga no STF},
    year = 2020,
    url = {\url{https://g1.globo.com/politica/noticia/2020/10/22/bolsonaro-nomeia-kassio-nunes-marques-para-vaga-no-stf.ghtml }},
    urldate = {2020-10-22}
}

@online{Passagei20:online,
author = {G1},
title = {Passageiros relatam aglomeração},
url = {\url{https://g1.globo.com/ba/bahia/noticia/2020/06/23/passageiros-relatam-aglomeracao-em-estacao-e-onibus-de-salvador.ghtml}},
month = {},
year = {},
urldate = {2022-04-20}
}

@online{assaltossa:online,
author = {G1},
title = {Assaltos a Ônibus},
url = {\url{https://g1.globo.com/ba/bahia/noticia/2020/12/02/salvador-registrou-mais-de-13-mil-assaltos-a-onibus-entre-janeiro-e-outubro-media-e-de-4-casos-por-dia.ghtml}},
month = {},
year = {},
urldate = {2022-04-20}
}

@online{Superlot45:online,
author = {R7},
title = {Superlotação no transporte ainda é transtorno},
url = {\url{https://noticias.r7.com/sao-paulo/superlotacao-no-transporte-ainda-e-transtorno-apos-1-ano-de-pandemia-13042021}},
month = {},
year = {},
urldate = {2022-04-20}
}

@online{Pioraest:online,
author = {CNT},
title = {Piora a qualidade das rodovias brasileiras},
url = {\url{https://www.cnt.org.br/agencia-cnt/piora-a-qualidade-das-rodovias-brasileiras}},
month = {},
year = {},
urldate = {2022-04-20}
}

@online{Roubosdecarga:online,
author = {},
title = {Roubos de carga - Estradão},
url = {\url{https://estradao.estadao.com.br/caminhoes/roubos-de-carga-crescem-no-brasil-e-prejuizo-em-2021-supera-r-127-bilhao/}},
month = {},
year = {},
urldate = {2022-04-20}
}

@online{webcite, 
    author = {Jonas Mönnig},
    title = {How to Cite a Website with BibTeX},
    year = 2016,
    url = {\url{https://jonas-moennig.de/how-to-cite-a-website-with-bibtex/ }},
    urldate = {2016-07-26}
}

@online{Lima_wilson, 
    author = {Wilson Lima},
    title = {Kassio Nunes Marques tem ligações com parlamentares do Centrão e PT},
    year = 2020,
    url = {\url{https://www.gazetadopovo.com.br/republica/polemicas-kassio-nunes-marques-curriculo-bombado-pt/}},
    urldate = {2020-10-08}
}

@online{Da_redacao, 
    author = {Da redacao},
    title = {Aras pede arquivamento de inquérito contra Bolsonaro no caso Covaxin},
    year = 2022,
    url = {\url{https://veja.abril.com.br/politica/aras-pede-arquivamento-de-inquerito-contra-bolsonaro-no-caso-covaxin/}},
    urldate = {2022-02-18}
}

@online{Rodrigues_edilson, 
    author = {Edilson Rodrigues},
    title = {Flávio Bolsonaro articula senadores contra abertura da CPI da Lava Toga},
    year = 2022,
    url = {\url{https://www.gazetadopovo.com.br/republica/breves/flavio-bolsonaro-cpi-lava-toga/}},
    urldate = {2022-04-19}
}

@online{OurWorldInData,
  author = {Our World In Data},
  title = {Number of homicide deaths, 1990 to 2019},
  url = {\url{https://ourworldindata.org/grapher/number-of-homicide-deaths}},
  urldate = {2022-04-20}
}

@online{IBGEpnad,
  author = {IBGE},
  title = {PNAD Cont{\'{i}}nua - S{\'{e}}rie hist{\'{o}}rica},
  url={\url{https://www.ibge.gov.br/estatisticas/sociais/trabalho/}},
  urldate = {2022-04-20}
}

@online{DIEESESalario,
  author = {DIEESE},
  title = {Análise cesta básica - Salário mínimo nominal e necessário - mar{\c{c}}o/2022},
  url = {\url{https://www.dieese.org.br/analisecestabasica/salarioMinimo.html\#2021}},
  urldate = {2022-04-20}
}

@online{DIEESECestaBasica,
  author = {DIEESE},
  title = {Cesta Básica Nacional - Sistema de Consulta},
  url = {\url{https://www.dieese.org.br/cesta/}},
  urldate = {2022-04-20}
}

@book{IndicadoresSociais,
  title={{S{\'{i}}ntese de Indicadores Sociais, Uma Análise das Condi{\c{c}}{\~{o}}es de Vida da Popula{\c{c}}{\~{a}}o Brasileira}},
  author={Instituto Brasileiro de Geografia e Estat{\'{i}}stica},
  url = {\url{https://biblioteca.ibge.gov.br/visualizacao/livros/liv101892.pdf}},
  pages = {210},
  year={2021}
}
